<?xml version="1.0" encoding="UTF-8"?><record xmlns="http://www.loc.gov/MARC21/slim" xmlns:cinclude="http://apache.org/cocoon/include/1.0" xmlns:zs="http://www.loc.gov/zing/srw/">
  <leader>00396nz  a2200133n  4500</leader>
  <controlfield tag="001">n  95800089 </controlfield>
  <controlfield tag="003">DLC</controlfield>
  <controlfield tag="005">19950201144130.1</controlfield>
  <controlfield tag="008">950131n| acannaab|          |a ana ||| b</controlfield>
  <datafield tag="010" ind1=" " ind2=" ">
    <subfield code="a">n  95800089 </subfield>
  </datafield>
  <datafield tag="040" ind1=" " ind2=" ">
    <subfield code="a">DNLM</subfield>
    <subfield code="c">DLC</subfield>
  </datafield>
  <datafield tag="110" ind1="2" ind2="0">
    <subfield code="a">Gatorade Sports Science Institute</subfield>
  </datafield>
  <datafield tag="410" ind1="2" ind2="0">
    <subfield code="a">GSSI</subfield>
  </datafield>
  <datafield tag="670" ind1=" " ind2=" ">
    <subfield code="a">Physiology and nutrition for competitive sport, c1994:</subfield>
    <subfield code="b">p. xi (Gatorade Sports Science Institute (GSSI))</subfield>
  </datafield>
</record>